<record><leader>00000cas a22000007a 4500</leader><controlfield tag="001">17500255</controlfield><controlfield tag="008">880218d18931921laudn ne      0   a0eng c</controlfield><controlfield tag="009">8528</controlfield><datafield ind1=" " ind2=" " tag="010"><subfield code="a">sn 88064111 </subfield></datafield><datafield ind1=" " ind2=" " tag="040"><subfield code="a">LNP</subfield><subfield code="b">eng</subfield><subfield code="c">LNP</subfield><subfield code="d">LNP</subfield><subfield code="d">DLC</subfield><subfield code="d">OCLCF</subfield></datafield><datafield ind1=" " ind2=" " tag="012"><subfield code="l">a</subfield></datafield><datafield ind1="0" ind2=" " tag="022"><subfield code="a">2163-6338</subfield><subfield code="2">1</subfield></datafield><datafield ind1="1" ind2=" " tag="029"><subfield code="a">AU@</subfield><subfield code="b">000040449971</subfield></datafield><datafield ind1=" " ind2=" " tag="042"><subfield code="a">pcc</subfield><subfield code="a">nsdp</subfield></datafield><datafield ind1=" " ind2=" " tag="043"><subfield code="a">n-us-la</subfield></datafield><datafield ind1="0" ind2="0" tag="050"><subfield code="a">Newspaper</subfield></datafield><datafield ind1="1" ind2="0" tag="082"><subfield code="a">070</subfield><subfield code="2">14</subfield></datafield><datafield ind1=" " ind2="4" tag="222"><subfield code="a">The Lafayette gazette</subfield></datafield><datafield ind1="0" ind2="4" tag="245"><subfield code="a">The Lafayette gazette.</subfield></datafield><datafield ind1=" " ind2=" " tag="260"><subfield code="a">Lafayette, La. :</subfield><subfield code="b">Chas. A. Thomas and Homer J. Mouton,</subfield><subfield code="c">1893-1921.</subfield></datafield><datafield ind1=" " ind2=" " tag="300"><subfield code="a">v.</subfield></datafield><datafield ind1=" " ind2=" " tag="310"><subfield code="a">Daily (except Sun.)</subfield><subfield code="b">&lt;Sept. 2, 1918&gt;-1921.</subfield></datafield><datafield ind1=" " ind2=" " tag="321"><subfield code="a">Weekly,</subfield><subfield code="b">1893-&lt;Feb. 25, 1909&gt;</subfield></datafield><datafield ind1="0" ind2=" " tag="362"><subfield code="a">Vol. 1, no. 1 (Mar. 11, 1893)-</subfield></datafield><datafield ind1="1" ind2=" " tag="362"><subfield code="a">Ceased in June 1921?</subfield></datafield><datafield ind1=" " ind2=" " tag="500"><subfield code="a">"Official journal of the parish",  Sept. 15, 1895-Feb. 28, 1897; official journal of the parish and town of Lafayette, Mar. 6, 1897-July 8, 1905,  and &lt;June 22, 1920&gt;; official journal of the town of Lafayette, July 15, 1905-&lt;July 6, 1907&gt;.</subfield></datafield><datafield ind1=" " ind2=" " tag="530"><subfield code="a">Archived issues are available in digital format as part of the Library of Congress Chronicling America online collection.</subfield></datafield><datafield ind1=" " ind2=" " tag="580"><subfield code="a">Absorbed by: Daily advertiser (Lafayette, La.). July 1, 1921.</subfield></datafield><datafield ind1=" " ind2="0" tag="651"><subfield code="a">Lafayette (La.)</subfield><subfield code="v">Newspapers.</subfield></datafield><datafield ind1=" " ind2="0" tag="651"><subfield code="a">Lafayette Parish (La.)</subfield><subfield code="v">Newspapers.</subfield></datafield><datafield ind1=" " ind2="7" tag="655"><subfield code="a">Newspapers.</subfield><subfield code="2">fast</subfield><subfield code="0">(OCoLC)fst01423814</subfield></datafield><datafield ind1=" " ind2="7" tag="651"><subfield code="a">Louisiana</subfield><subfield code="z">Lafayette.</subfield><subfield code="2">fast</subfield><subfield code="0">(OCoLC)fst01229746</subfield></datafield><datafield ind1=" " ind2="7" tag="651"><subfield code="a">Louisiana</subfield><subfield code="z">Lafayette Parish.</subfield><subfield code="2">fast</subfield><subfield code="0">(OCoLC)fst01221177</subfield></datafield><datafield ind1=" " ind2=" " tag="752"><subfield code="a">United States</subfield><subfield code="b">Louisiana</subfield><subfield code="c">Lafayette</subfield><subfield code="d">Lafayette.</subfield></datafield><datafield ind1="1" ind2="4" tag="785"><subfield code="t">Daily advertiser (Lafayette, La.)</subfield><subfield code="g">July 1, 1921</subfield><subfield code="w">(DLC)sn 88064289</subfield><subfield code="w">(OCoLC)17734650</subfield></datafield><datafield ind1="4" ind2="1" tag="856"><subfield code="u">http://www.loc.gov/chroniclingamerica/lccn/sn88064111/issues</subfield></datafield></record>